<?xml version="1.0" encoding="UTF-8"?>
<record>
  <leader>     cam a22      c 4500</leader>
  <controlfield tag="005">20240319150535.0</controlfield>
  <controlfield tag="006">m     o  d        </controlfield>
  <controlfield tag="007">cr nnunnnannuu</controlfield>
  <controlfield tag="008">240319s2024    gw     eo     ||| 0 ger d</controlfield>
  <controlfield tag="001">992022134005507476</controlfield>
  <datafield tag="020" ind1=" " ind2=" ">
    <subfield code="a">9783838561967</subfield>
    <subfield code="c">€28.99</subfield>
  </datafield>
  <datafield tag="024" ind1="3" ind2=" ">
    <subfield code="a">9783838561967</subfield>
  </datafield>
  <datafield tag="024" ind1="7" ind2=" ">
    <subfield code="a">10.36198/9783838561967</subfield>
    <subfield code="2">doi</subfield>
  </datafield>
  <datafield tag="035" ind1=" " ind2=" ">
    <subfield code="a">(utb GmbH)9783838561967</subfield>
  </datafield>
  <datafield tag="037" ind1=" " ind2=" ">
    <subfield code="a">9783838561967</subfield>
    <subfield code="b">utb GmbH, +49 711 7829555-11 (Phone), +49 711 7801376 (Fax), Klapputh@utb.de (Mail)</subfield>
    <subfield code="c">€28.99</subfield>
    <subfield code="f">ED (ONIX)</subfield>
  </datafield>
  <datafield tag="040" ind1=" " ind2=" ">
    <subfield code="a">utb GmbH</subfield>
    <subfield code="b">ger</subfield>
    <subfield code="c">utb GmbH</subfield>
    <subfield code="e">rda</subfield>
  </datafield>
  <datafield tag="041" ind1="0" ind2=" ">
    <subfield code="a">ger</subfield>
  </datafield>
  <datafield tag="072" ind1=" " ind2="7">
    <subfield code="a">QDH</subfield>
    <subfield code="2">thema</subfield>
  </datafield>
  <datafield tag="072" ind1=" " ind2="7">
    <subfield code="a">CF</subfield>
    <subfield code="2">thema</subfield>
  </datafield>
  <datafield tag="072" ind1=" " ind2="7">
    <subfield code="a">DSBB</subfield>
    <subfield code="2">thema</subfield>
  </datafield>
  <datafield tag="072" ind1=" " ind2="7">
    <subfield code="a">JNM</subfield>
    <subfield code="2">thema</subfield>
  </datafield>
  <datafield tag="072" ind1=" " ind2="7">
    <subfield code="a">QDHF</subfield>
    <subfield code="2">thema</subfield>
  </datafield>
  <datafield tag="072" ind1=" " ind2="7">
    <subfield code="a">9567</subfield>
    <subfield code="2">wsb</subfield>
  </datafield>
  <datafield tag="100" ind1="1" ind2=" ">
    <subfield code="8">1\u</subfield>
    <subfield code="a">Burkard, Thorsten</subfield>
    <subfield code="c">Prof. Dr.</subfield>
    <subfield code="u">Universität zu Kiel</subfield>
    <subfield code="4">aut</subfield>
  </datafield>
  <datafield tag="245" ind1="1" ind2="0">
    <subfield code="a">Erasmus von Rotterdam. Moriae encomium</subfield>
    <subfield code="b">Studienkommentar</subfield>
    <subfield code="c">Thorsten Burkard, Katharina Wesselmann</subfield>
  </datafield>
  <datafield tag="246" ind1="2" ind2="3">
    <subfield code="a">Burkard, Erasmus von Rotterdam</subfield>
  </datafield>
  <datafield tag="250" ind1=" " ind2=" ">
    <subfield code="a">1. Auflage</subfield>
  </datafield>
  <datafield tag="264" ind1=" " ind2="1">
    <subfield code="a">Stuttgart</subfield>
    <subfield code="b">utb GmbH</subfield>
    <subfield code="c">2024</subfield>
  </datafield>
  <datafield tag="300" ind1=" " ind2=" ">
    <subfield code="a">1 Online-Ressource (189 Seiten)</subfield>
  </datafield>
  <datafield tag="336" ind1=" " ind2=" ">
    <subfield code="a">Text</subfield>
    <subfield code="b">txt</subfield>
    <subfield code="2">rdacontent</subfield>
  </datafield>
  <datafield tag="337" ind1=" " ind2=" ">
    <subfield code="a">Computermedien</subfield>
    <subfield code="b">c</subfield>
    <subfield code="2">rdamedia</subfield>
  </datafield>
  <datafield tag="338" ind1=" " ind2=" ">
    <subfield code="a">Online-Ressource</subfield>
    <subfield code="b">cr</subfield>
    <subfield code="2">rdacarrier</subfield>
  </datafield>
  <datafield tag="365" ind1=" " ind2=" ">
    <subfield code="a">01</subfield>
    <subfield code="b">54.40</subfield>
    <subfield code="c">USD</subfield>
    <subfield code="j">US</subfield>
    <subfield code="k">xxu</subfield>
    <subfield code="2">onixpt</subfield>
  </datafield>
  <datafield tag="365" ind1=" " ind2=" ">
    <subfield code="a">03</subfield>
    <subfield code="b">27.09</subfield>
    <subfield code="c">EUR</subfield>
    <subfield code="j">DE</subfield>
    <subfield code="k">gw</subfield>
    <subfield code="2">onixpt</subfield>
  </datafield>
  <datafield tag="365" ind1=" " ind2=" ">
    <subfield code="a">04</subfield>
    <subfield code="b">28.99</subfield>
    <subfield code="c">EUR</subfield>
    <subfield code="h">R  7</subfield>
    <subfield code="j">DE</subfield>
    <subfield code="k">gw</subfield>
    <subfield code="2">onixpt</subfield>
  </datafield>
  <datafield tag="366" ind1=" " ind2=" ">
    <subfield code="c">IP 20240318</subfield>
    <subfield code="2">onixas</subfield>
  </datafield>
  <datafield tag="490" ind1="0" ind2=" ">
    <subfield code="a">Studienkommentare zu lateinischen und griechischen Texten</subfield>
  </datafield>
  <datafield tag="500" ind1=" " ind2=" ">
    <subfield code="a">Moriae encomium (Lob der Torheit) ist ein idealer Einführungstext: Witzig, kurzweilig und in gut erschließbarem Latein geschrieben. Allerdings wimmelt der Text von Anspielungen auf klassische lateinische und griechische Texte. Die neue Studien-Ausgabe, die die vorhandenen Kommentare zusammenfasst und aktualisiert, erleichtert durch angemessene Verständnishilfen den Zugang zum Text.</subfield>
  </datafield>
  <datafield tag="505" ind1="0" ind2=" ">
    <subfield code="a">Vorwort zur Reihe	 5
Danksagung	7
Einleitung	11
I. Das Moriae encomium und seine Rezeption (Thorsten Burkard)	11
1. Einführung	11
2. Der Widmungsträger	12
3. Der Titel des Werkes	13
4. Entstehung und Veröffentlichung des Moriae encomium	14
5. Überblick über den Inhalt	19
6. Wer spricht? Die Stultitia und ihr Autor	22
7. Listrius’ Kommentar und Holbeins Zeichnungen	28
8. Die zeitgenössische Rezeption: Begeisterung, Missbilligung und Zensur	30
9. Sprache und Stil	33
II. Die Moria im Schulunterricht? (Katharina Wesselmann)	35
1. Ziele der Lektüre	35
2. Die Herausforderungen der Moria	36
3. Auswahl der Texte	38
III. Zur Benützung dieser Ausgabe	39
IV. Abgekürzt zitierte Literatur	40
V. Weitere Abkürzungen	41
Text mit Kommentar	43
Widmungsbrief an Thomas Morus	43
Das Lob der Torheit	47
1–9: Stultitia und ihr Gefolge	47
10–48: Stultitia als Wohltäterin der Menschheit: die glücklich machende Torheit	54
11–23: Die Abschnitte des menschlichen Lebens, das soziale Leben	54
24–26: Nutzlosigkeit der Intellektuellen	70
27–28: Ruhmsucht	74
29–30: Das Leben ist ein Theaterstück	75
31–48: Selbsttäuschung als Teil der menschlichen Natur	79
49–60: Die intellektuellen, weltlichen und kirchlichen Eliten und ihre Realitätsblindheit	105
49: Die Grammatik(lehr)er	105
50: Die Dichter, Redelehrer und Schriftsteller	109
51: Die Juristen und die Logiker	113
52: Die Philosophen	114
53: Die Theologen	115
54: Die Mönche	125
55–60: Die weltlichen und die geistlichen Herrscher	134
61: Das Glück begünstigt die Toren	143
62–65: Stultitia führt Autoritäten an	145
62: Stellen aus paganen Autoren	145
63–65: Bibelstellen	146
66–67: Nähe von Christentum und stultitia, der heilige Narr in Christo	158
68: Stultitia bricht ab und verzichtet auf ein Schlusswort	164
Verzeichnis der textkritischen Abweichungen	165
Abbildungsverzeichnis	167
Glossar	169
Verben	169
Substantive	170
Adjektive und Zahlwörter	170
Präpositionen	171
Adverbien und Sub/Konjunktionen	171
Ausdrücke	172
Christliche Begriffe	172
Literaturverzeichnis	175
I. Ausgaben	175
A. Moriae encomium: Moderne Ausgaben, Übersetzungen und Kommentare	175
B. Andere Werke des Erasmus	175
C. Ausgaben anderer frühneuzeitlicher Autoren	176
D. Ausgaben antiker und mittelalterlicher Autoren	176
II. Nachschlagewerke	176
III. Sekundärliteratur	177
A. Zu Erasmus allgemein	177
B. Zum Moriae encomium	177
Register	181</subfield>
  </datafield>
  <datafield tag="520" ind1=" " ind2=" ">
    <subfield code="a">Encomium Moriae (Lob der Torheit) ist ein idealer Einführungstext: Witzig, kurzweilig und in gut erschließbarem Latein geschrieben. Allerdings wimmelt der Text von Anspielungen auf klassische lateinische und griechische Texte. Die neue Studienausgabe, die die vorhandenen Kommentare zusammenfasst und aktualisiert, erleichtert durch angemessene Verständnishilfen den Zugang zum Text.</subfield>
  </datafield>
  <datafield tag="545" ind1="0" ind2=" ">
    <subfield code="8">1\u</subfield>
    <subfield code="a">Thorsten Burkard ist Professor für Klassische Philologie mit dem Schwerpunkt Latinistik an der Christian-Albrechts-Universität zu Kiel.</subfield>
  </datafield>
  <datafield tag="545" ind1="0" ind2=" ">
    <subfield code="8">2\u</subfield>
    <subfield code="a">Katharina Wesselmann war Professorin für Fachdidaktik der Alten Sprachen an der Christian Albrechts-Universität zu Kiel. Seit Oktober 2023 ist sie Professorin  für Klassische Philologie an der Universität Potsdam.</subfield>
  </datafield>
  <datafield tag="588" ind1="0" ind2=" ">
    <subfield code="a">Online Ressource; Titel vom Titelbildschirm (Stand 19. März 2024)</subfield>
  </datafield>
  <datafield tag="650" ind1=" " ind2="4">
    <subfield code="a">Humanismus</subfield>
  </datafield>
  <datafield tag="650" ind1=" " ind2="4">
    <subfield code="a">Neulatein</subfield>
  </datafield>
  <datafield tag="650" ind1=" " ind2="4">
    <subfield code="a">Frühe Neuzeit</subfield>
  </datafield>
  <datafield tag="650" ind1=" " ind2="4">
    <subfield code="a">Niederlande</subfield>
  </datafield>
  <datafield tag="650" ind1=" " ind2="4">
    <subfield code="a">Flandern</subfield>
  </datafield>
  <datafield tag="650" ind1=" " ind2="4">
    <subfield code="a">Mittelalter</subfield>
  </datafield>
  <datafield tag="650" ind1=" " ind2="4">
    <subfield code="a">Gelehrter</subfield>
  </datafield>
  <datafield tag="650" ind1=" " ind2="4">
    <subfield code="a">Rotterdam</subfield>
  </datafield>
  <datafield tag="650" ind1=" " ind2="4">
    <subfield code="a">Lehrbuch</subfield>
  </datafield>
  <datafield tag="700" ind1="1" ind2=" ">
    <subfield code="8">2\u</subfield>
    <subfield code="a">Wesselmann, Katharina</subfield>
    <subfield code="c">Prof. Dr.</subfield>
    <subfield code="u">Universität Potsdam</subfield>
    <subfield code="4">aut</subfield>
  </datafield>
  <datafield tag="776" ind1="0" ind2="8">
    <subfield code="i">Erscheint auch als</subfield>
    <subfield code="n">Printausgabe</subfield>
    <subfield code="z">9783825261962</subfield>
  </datafield>
  <datafield tag="856" ind1="4" ind2="0">
    <subfield code="u">https://elibrary.utb.de/doi/book/10.36198/9783838561967</subfield>
  </datafield>
  <datafield tag="912" ind1=" " ind2=" ">
    <subfield code="a">ZDB-41-UTB</subfield>
  </datafield>
  <datafield tag="912" ind1=" " ind2=" ">
    <subfield code="a">ZDB-41-UTBD</subfield>
  </datafield>
  <datafield tag="912" ind1=" " ind2=" ">
    <subfield code="a">ZDB-41-UTBD</subfield>
    <subfield code="b">2024</subfield>
    <subfield code="c">1</subfield>
  </datafield>
  <datafield tag="950" ind1=" " ind2=" ">
    <subfield code="a">Geschichte 2024-1</subfield>
  </datafield>
  <datafield tag="MBD" ind1=" " ind2=" ">
    <subfield code="M">49HBZ_RTU</subfield>
    <subfield code="i">992022134005507476</subfield>
    <subfield code="n">RPTU Kaiserslautern-Landau</subfield>
  </datafield>
  <datafield tag="MNG" ind1=" " ind2=" ">
    <subfield code="c">System</subfield>
    <subfield code="f">OTHER</subfield>
    <subfield code="i">marc21</subfield>
    <subfield code="h">20240319150535.0</subfield>
    <subfield code="k">01</subfield>
    <subfield code="e">false</subfield>
    <subfield code="d">2024-03-26 16:43:28 Europe/Berlin</subfield>
    <subfield code="g">9783838561967</subfield>
    <subfield code="j">60</subfield>
    <subfield code="a">System</subfield>
    <subfield code="b">2024-03-26 16:43:31 Europe/Berlin</subfield>
  </datafield>
  <datafield tag="POR" ind1=" " ind2=" ">
    <subfield code="x">System</subfield>
    <subfield code="a">53131211330007476</subfield>
    <subfield code="M">49HBZ_RTU</subfield>
    <subfield code="p">61111789420007476</subfield>
    <subfield code="r">UTB</subfield>
    <subfield code="q">UTB Studi-E-Books Paket Lehrbücher</subfield>
    <subfield code="c">static</subfield>
    <subfield code="B">Gebührenmodell; jährliche Festkäufe zur Verringerung der Jahresgebühr möglich</subfield>
    <subfield code="y">2024-03-26 16:43:48 Europe/Berlin</subfield>
    <subfield code="u">POL-2024-4708</subfield>
    <subfield code="w">2024-03-26 16:43:47 Europe/Berlin</subfield>
    <subfield code="D">https://eu04.alma.exlibrisgroup.com/view/uresolver/49HBZ_NETWORK/openurl?u.ignore_date_coverage=true&amp;portfolio_pid=53131211330007476&amp;Force_direct=true</subfield>
    <subfield code="s">UTB eLibrary</subfield>
    <subfield code="v">System</subfield>
    <subfield code="z">2024-03-26 15:43:47</subfield>
    <subfield code="i">false</subfield>
    <subfield code="g">RPTUEM</subfield>
    <subfield code="t">POL-2023-1649</subfield>
    <subfield code="S">62111789410007476</subfield>
    <subfield code="d">https://hbz-network.userservices.exlibrisgroup.com/view/uresolver/49HBZ_NETWORK/openurl?u.ignore_date_coverage=true&amp;rft.mms_id=992022134005507476</subfield>
    <subfield code="b">Available</subfield>
    <subfield code="f">BOOK</subfield>
    <subfield code="e">https://elibrary.utb.de/doi/book/10.36198/9783838561967</subfield>
    <subfield code="8">53131211330007476</subfield>
  </datafield>
</record>
